@misc{python27,
  author = {G. van Rossum},
  title = {Python Programming Language, version 2.7},
  year = {1995-},
  url = {http://www.python.org},
}

@misc{python3
  author = {G. van Rossum},
  title = {Python Programming Language, version 3.+},
  year = {1995-},
  url = {http://www.python.org},
}

@misc{mpmath,
  author = {Fredrik Johansson and others},
  title  = {mpmath: a {P}ython library for arbitrary-precision floating-point arithmetic (version 0.19)},
  url    = {http://mpmath.org/},
  date   = {10.06.2014},
}

@article{numpy,
  author = {Stéfan van der Walt, S. Chris Colbert and Gaël Varoquaux},
  title = {The NumPy Array: A Structure for Efficient Numerical Computation},
  journaltitle = {Computing in Science \& Engineering},
  year = {2011},
  pages = {22-30},
  volume = {13},
  url = {http://www.numpy.org/},
}

@article{matplotlib,
  author    = {Hunter, J. D.},
  title     = {Matplotlib: A 2D graphics environment},
  journal   = {Computing In Science \& Engineering},
  volume    = {9},
  number    = {3},
  pages     = {90-95},
  abstract  = {Matplotlib is a 2D graphics package used for Python
  for application development, interactive scripting, and
  publication-quality image generation across user
  interfaces and operating systems.},
  publisher = {IEEE COMPUTER SOC},
  year      = {2007},
  url     = {http://matplotlib.org/},
}

@article{campagnola2012pyqtgraph,
  title={PyQtGraph. Scientific Graphics and GUI Library for Python},
  author={Campagnola, Luke},
  journal={Posledn{\'\i} aktualizace},
  year={2012}
}

@misc{sympy,
  title = {SymPy: Python library for symbolic mathematics},
  author = {{SymPy Development Team}},
  year = {2014},
  url = {http://www.sympy.org},
}

@article{ipython,
  author    = {P\'erez, Fernando and Granger, Brian E.},
  title     = {{IP}ython: a System for Interactive Scientific Computing},
  journal   = {Computing in Science and Engineering},
  volume    = {9},
  number    = {3},
  pages     = {21--29},
  month     = {may},
  year      = {2007},
  url       = {http://ipython.org},
  ISSN      = {1521-9615},
  doi       = {10.1109/MCSE.2007.53},
  publisher = {IEEE Computer Society},
}

@InProceedings{pandas,
  author    = { Wes McKinney },
  title     = { Data Structures for Statistical Computing in Python },
  booktitle = { Proceedings of the 9th Python in Science Conference },
  pages     = { 51 - 56 },
  year      = { 2010 },
  editor    = { St\'efan van der Walt and Jarrod Millman },
  url       = { http://pandas.pydata.org/ },
}

@misc{seaborn,
  title = {Seaborn: statistical data visualization},
  author = {{Michael Waskom}},
  year = {2012-},
  url = {https://web.stanford.edu/~mwaskom/software/seaborn/#},
}

@misc{numba,
    title={Numba python bytecode to LLVM translator},
    author={Oliphant, Travis},
    howpublished={\url{http://numba.pydata.org}},
    note={},
    year={},
}
