@article{helbing2000simulating,
  title={Simulating dynamical features of escape panic},
  author={Helbing, Dirk and Farkas, Ill{\'e}s and Vicsek, Tamas},
  journal={Nature},
  volume={407},
  number={6803},
  pages={487--490},
  year={2000},
  publisher={Nature Publishing Group}
}

@article{PhysRevLett.113.238701.power.law,
  Author = {Ioannis Karamouzas and Brian Skinner and Stephen J. Guy},
  Date-Modified = {2014-12-04 18:26:29 +0000},
  Doi = {10.1103/PhysRevLett.113.238701},
  Issue = {23},
  Journal = {Phys. Rev. Lett.},
  Month = {Dec},
  Numpages = {5},
  Pages = {238701},
  Publisher = {American Physical Society},
  Title = {Universal Power Law Governing Pedestrian Interactions},
  Url = {http://link.aps.org/doi/10.1103/PhysRevLett.113.238701},
  Web = {http://motion.cs.umn.edu/PowerLaw},
  Volume = {113},
  Year = {2014},
  Bdsk-Url-1 = {http://link.aps.org/doi/10.1103/PhysRevLett.113.238701},
  Bdsk-Url-2 = {http://dx.doi.org/10.1103/PhysRevLett.113.238701}
}

@article{korhonen2009fire,
  title={Fire dynamics simulator with evacuation: FDS+ Evac},
  author={Korhonen, Timo and Hostikka, Simo},
  journal={Technical Reference and Userâ€™s Guide. VTT Technical Research Centre of Finland},
  year={2009}
}

@article{heliovaara2013patient,
  title={Patient and impatient pedestrians in a spatial game for egress congestion},
  author={Heli{\"o}vaara, Simo and Ehtamo, Harri and Helbing, Dirk and Korhonen, Timo},
  journal={Physical Review E},
  volume={87},
  number={1},
  pages={012802},
  year={2013},
  publisher={APS}
}

@article{heliovaara2012counterflow,
  title={Counterflow model for agent-based simulation of crowd dynamics},
  author={Heli{\"o}vaara, Simo and Korhonen, Timo and Hostikka, Simo and Ehtamo, Harri},
  journal={Building and Environment},
  volume={48},
  pages={89--100},
  year={2012},
  publisher={Elsevier}
}
